@book{Goodfellow-et-al-2016,
  author    = {Ian Goodfellow and Yoshua Bengio and Aaron Courville},
  title     = {Deep Learning},
  year      = {2016},
  publisher = {MIT Press},
  url       = {http://www.deeplearningbook.org}
}

@article{Vaswani2017AttentionIA,
  title     = {Attention is All you Need},
  author    = {Ashish Vaswani and Noam Shazeer and Niki Parmar and Jakob Uszkoreit and Llion Jones and Aidan N. Gomez and Lukasz Kaiser and Illia Polosukhin},
  journal   = {Advances in Neural Information Processing Systems},
  year      = {2017},
  volume    = {30},
  pages     = {5998--6008}
}

@misc{tensorflow2015-whitepaper,
  title     = {{TensorFlow}: Large-Scale Machine Learning on Heterogeneous Systems},
  author    = {Martín Abadi and Ashish Agarwal and Paul Barham and Eugene Brevdo and Zhifeng Chen and Craig Citro and Greg S. Corrado and Andy Davis and Jeffrey Dean and Matthieu Devin and Sanjay Ghemawat and Ian Goodfellow and Andrew Harp and Geoffrey Irving and Michael Isard and Yangqing Jia and Rafal Jozefowicz and Lukasz Kaiser and Manjunath Kudlur and Josh Levenberg and Dan Mané and Rajat Monga and Sherry Moore and Derek Murray and Chris Olah and Mike Schuster and Jonathon Shlens and Benoit Steiner and Ilya Sutskever and Kunal Talwar and Paul Tucker and Vincent Vanhoucke and Vijay Vasudevan and Fernanda Viégas and Oriol Vinyals and Pete Warden and Martin Wattenberg and Martin Wicke and Yuan Yu and Xiaoqiang Zheng},
  year      = {2015},
  note      = {Software available from tensorflow.org},
  url       = {https://www.tensorflow.org/},
}
